<?xml version="1.0" encoding="UTF-8"?><collection xmlns="http://www.loc.gov/MARC21/slim"><record><leader>00313nam--2200109-i-4500</leader><controlfield tag="001">000018425</controlfield><controlfield tag="002">20161230</controlfield><controlfield tag="005">20161230201032</controlfield><controlfield tag="008">060222s1000------------r-----000-0-eng-d</controlfield><datafield ind1=" " ind2=" " tag="245"><subfield code="a">Congres international de l automatique.paris, 18-24 juin 1956.actes</subfield></datafield><datafield ind1=" " ind2=" " tag="260"><subfield code="a">Paris, Masson Et C-ie, 1959. Viii + 638 P</subfield></datafield><datafield ind1=" " ind2=" " tag="852"><subfield code="a">16514</subfield></datafield></record></collection>